<record><leader>00000cas a22000007a 4500</leader><controlfield tag="001">20768361</controlfield><controlfield tag="008">891212d195019uuohuwr ne      0    0eng d</controlfield><datafield ind1=" " ind2=" " tag="010"><subfield code="a">sn 89075196 </subfield></datafield><datafield ind1=" " ind2=" " tag="040"><subfield code="a">ONP</subfield><subfield code="b">eng</subfield><subfield code="c">ONP</subfield><subfield code="d">OCLCQ</subfield></datafield><datafield ind1=" " ind2=" " tag="042"><subfield code="a">msc</subfield></datafield><datafield ind1="0" ind2="4" tag="245"><subfield code="a">The McClure press.</subfield></datafield><datafield ind1=" " ind2=" " tag="260"><subfield code="a">McClure, Ohio :</subfield><subfield code="b">Walter I. Shockey,</subfield><subfield code="c">1950-</subfield></datafield><datafield ind1=" " ind2=" " tag="300"><subfield code="a">v.</subfield></datafield><datafield ind1=" " ind2=" " tag="310"><subfield code="a">Weekly</subfield></datafield><datafield ind1="0" ind2=" " tag="362"><subfield code="a">Vol. 1, no. 1 (Apr. 6, 1950)-</subfield></datafield><datafield ind1="1" ind2=" " tag="362"><subfield code="a">Ceased with June 7, 1962 issue?</subfield></datafield><datafield ind1=" " ind2=" " tag="500"><subfield code="a">From Sept. 14, 1961-June 7, 1962 issued as the last page of The Liberty press.</subfield></datafield><datafield ind1=" " ind2=" " tag="752"><subfield code="a">United States</subfield><subfield code="b">Ohio</subfield><subfield code="c">Henry</subfield><subfield code="d">McClure.</subfield></datafield><datafield ind1="0" ind2="4" tag="785"><subfield code="t">Liberty press (Liberty Center, Ohio)</subfield><subfield code="w">(DLC)sn 87076675</subfield></datafield></record>